@misc{Python,
  author = {Python Software Foundation Versión 3.7.2},
  howpublished = {\url{https://www.python.org/}},
 
}

@misc{Net,
  author = {NetworkX developers Versión 2.0},
  howpublished = {\url{https://networkx.github.io/}},
  
}	
		
@misc{Mat,
  author = {The Matplotlib development team Versión 3.0.2},
  howpublished = {\url{https://matplotlib.org/}},
  
}
@misc{Network,
  author = {NetworkX developers con última actualización el 19 de Septiembre 2018},
  howpublished = {\url{https://networkx.github.io/documentation/networkx-1.10/reference/drawing.html}},

}

@misc{BYSB,
    author = {Sotelo B.},
    title={Repositorio Optimización Flujo en Redes},
 	 howpublished = {\url{https://github.com/BrendaSotelo/Flujo_Redes_BSotelo }}
}