@book{barrero2010,
  title={Introducción a la Teoría de Grafos},
  author={Barrero, Alfredo Caicedo and de Garc{\'\i}a, Graciela Wagner and Parra, Rosa Mar{\'\i}a M{\'e}ndez},
  year={2010},
  publisher={ELIZCOM SAS}
}
@book{revenga2008,
  title={Flujo en Redes y Gestión de Proyectos. Teoría y Ejercicios Resueltos},
  author={Revenga, Juana Mar{\'\i}a Alonso},
  year={2008},
  publisher={Netbiblo}
}

@book{Python,
	author={https://www.python.org/}
	}
	
@book{network,
	author={https://networkx.github.io/documentation/networkx-1.10/reference/classes.html}
	}	
		
@book{mat,
	author={https://matplotlib.org/}
	}	