@misc{Python,
  author = {Python Software Foundation Versi\'on  3.7.2},
  howpublished = {\url{https://www.python.org/}},
 
}

@misc{Net,
  author = {NetworkX developers Versi\'on  2.0},
  howpublished = {\url{https://networkx.github.io/}},
  
}	
		
@misc{Mat,
  author = {The Matplotlib development team Versi\'on  3.0.2},
  howpublished = {\url{https://matplotlib.org/}},
  
}
@misc{Network,
  author = {NetworkX developers con \'ultima actualizaci\'on el 19 de Septiembre 2018},
  howpublished = {\url{https://networkx.github.io/documentation/networkx-1.10/reference/drawing.html}},

}

@misc{BYSB,
    author = {Sotelo B.},
    title={Repositorio Optimizaci\'on Flujo en Redes},
 	 howpublished = {\url{https://github.com/BrendaSotelo/Flujo_Redes_BSotelo }}
}

@misc{Num,
  author = {NumPy developers Versi\'on 1.16.2},
  howpublished = {\url{https://networkx.github.io}},
  
}

@misc{Pd,
  author = {Augspurger T. and the pandas core team Versi\'on 0.24.2},
  howpublished = {\url{https://pandas.pydata.org/}},
  
}

@inproceedings{red,
author = {Vegas Niño, Oscar Tomas and Martínez Alzamora, Fernando y Tzatchkov, Velitchko},
year = {2016},
month = {09},
pages = {},
title = {Aplicación de la teoría de grafos a la identificación de subsistemas hidráulicos en redes de distribución de agua}
}